<record><leader>00000cas a22000007a 4500</leader><controlfield tag="001">20444998</controlfield><controlfield tag="008">891005d19321935mduwr ne      0    0eng d</controlfield><datafield ind1=" " ind2=" " tag="010"><subfield code="a">sn 89060166 </subfield></datafield><datafield ind1=" " ind2=" " tag="040"><subfield code="a">MFN</subfield><subfield code="b">eng</subfield><subfield code="c">MFN</subfield><subfield code="d">OCLCQ</subfield></datafield><datafield ind1=" " ind2=" " tag="042"><subfield code="a">msc</subfield></datafield><datafield ind1="0" ind2="4" tag="245"><subfield code="a">The community press and Sparrows Pointer.</subfield></datafield><datafield ind1="3" ind2="0" tag="246"><subfield code="a">Community press</subfield></datafield><datafield ind1=" " ind2=" " tag="260"><subfield code="a">Dundalk, Md. :</subfield><subfield code="b">Community Press</subfield></datafield><datafield ind1=" " ind2=" " tag="300"><subfield code="a">v.</subfield></datafield><datafield ind1=" " ind2=" " tag="310"><subfield code="a">Weekly</subfield></datafield><datafield ind1="0" ind2=" " tag="362"><subfield code="a">Vol. 6, no. 49 (Oct. 28, 1932)-v. 7, no. 40 (Dec. 12, 1935).</subfield></datafield><datafield ind1=" " ind2=" " tag="500"><subfield code="a">Published as: Community press, Dec. 12, 1935.</subfield></datafield><datafield ind1=" " ind2=" " tag="752"><subfield code="a">United States</subfield><subfield code="b">Maryland</subfield><subfield code="c">Baltimore</subfield><subfield code="d">Dundalk.</subfield></datafield><datafield ind1=" " ind2=" " tag="752"><subfield code="a">United States</subfield><subfield code="b">Maryland</subfield><subfield code="c">Baltimore</subfield><subfield code="d">Sparrows Point.</subfield></datafield><datafield ind1="0" ind2="0" tag="780"><subfield code="t">Community press and Baltimore countian (Sparrows Point, Md. : 1929)</subfield><subfield code="w">(DLC)sn 89060164</subfield></datafield><datafield ind1="0" ind2="0" tag="785"><subfield code="t">Community press and Baltimore countian (Dundalk, Md. : 1935)</subfield><subfield code="w">(DLC)sn 89060167</subfield></datafield></record>